@InProceedings{CIVPaper,
  author     = {Lefeuvre, Hugo and Bădoiu, Vlad-Andrei and Chen, Yi and Huici, Felipe and Dautenhahn, Nathan and Olivier, Pierre},
  booktitle  = {Proceedings 2023 Network and Distributed System Security Symposium},
  title      = {Assessing the Impact of Interface Vulnerabilities in Compartmentalized Software},
  year       = {2023},
  series     = {NDSS '23},
  doi        = {10.14722/ndss.2023.24117},
  url        = {http://dx.doi.org/10.14722/ndss.2023.24117},
}

@InProceedings{TEEPaper,
  author    = {Van Bulck, Jo and Oswald, David and Marin, Eduard and Aldoseri, Abdulla and Garcia, Flavio D. and Piessens, Frank},
  booktitle = {Proceedings of the 2019 ACM SIGSAC Conference on Computer and Communications Security},
  title     = {A Tale of Two Worlds: Assessing the Vulnerability of Enclave Shielding Runtimes},
  year      = {2019},
  pages     = {1741–1758},
  series    = {CCS '19},
  doi       = {10.1145/3319535.3363206},
  isbn      = {9781450367479},
  keywords  = {trusted execution, tee, side-channels, memory safety, intel sgx},
  location  = {London, United Kingdom},
  numpages  = {18},
  url       = {https://doi.org/10.1145/3319535.3363206},
}

@Article{Trusted,
  author    = {Sackett, David L and Rosenberg, William M C and Gray, J A Muir and Haynes, R Brian and Richardson, W Scott},
  journal   = {BMJ},
  title     = {Evidence based medicine: what it is and what it isn{\textquoteright}t},
  year      = {1996},
  issn      = {0959-8138},
  number    = {7023},
  pages     = {71--72},
  volume    = {312},
  doi       = {10.1136/bmj.312.7023.71},
  eprint    = {https://www.bmj.com/content},
  publisher = {BMJ Publishing Group Ltd},
  url       = {https://www.bmj.com/content/312/7023/71},
}

@Misc{IntelSGX,
  author       = {Victor Costan and Srinivas Devadas},
  howpublished = {Cryptology ePrint Archive, Paper 2016/086},
  note         = {\url{https://eprint.iacr.org/2016/086}},
  title        = {Intel {SGX} Explained},
  year         = {2016},
  url          = {https://eprint.iacr.org/2016/086},
}

@Article{Cloud,
  author   = {Repschläger, Jonas and Pannicke, Danny and Zarnekow, Rüdiger},
  journal  = {HMD Praxis der Wirtschaftsinformatik},
  title    = {Cloud Computing: Definitionen, Geschäftsmodelle und Entwicklungspotenziale},
  year     = {2010},
  issn     = {2198-2775},
  number   = {5},
  pages    = {6--15},
  volume   = {47},
  doi      = {10.1007/BF03340507},
  refid    = {Repschläger2010},
  url      = {https://doi.org/10.1007/BF03340507},
}

@InProceedings{Memory,
  author    = {Fleischer, Fabian and Busch, Marcel and Kuhrt, Phillip},
  series    = {ARES '20},
  booktitle = {Proceedings of the 15th International Conference on Availability, Reliability and Security},
  title     = {Memory corruption attacks within Android TEEs: a case study based on OP-TEE},
  year      = {2020},
  pages     = {1--9},
}

@Comment{jabref-meta: databaseType:bibtex;}
